%% This BibTeX bibliography file was created using BibDesk.
%% http://bibdesk.sourceforge.net/


%% Created for Charlie Hill at 2017-03-05 10:36:57 -0800 


%% Saved with string encoding Unicode (UTF-8) 



@article{PB1_WHWP,
	Author = {Satoru Takakura and Mario Aguilar and Yoshiki Akiba and Kam Arnold and Carlo Baccigalupi and Darcy Barron and Shawn Beckman and David Boettger and Julian Borrill and Scott Chapman and Yuji Chinone and Ari Cukierman and Anne Ducout and Tucker Elleflot and Josquin Errard and Giulio Fabbian and Takuro Fujino and Nicholas Galitzki and Neil Goeckner-Wald and Nils W. Halverson and Masaya Hasegawa and Kaori Hattori and Masashi Hazumi and Charles Hill and Logan Howe and Yuki Inoue and Andrew H. Jaffe and Oliver Jeong and Daisuke Kaneko and Nobuhiko Katayama and Brian Keating and Reijo Keskitalo and Theodore Kisner and Nicoletta Krachmalnicoff and Akito Kusaka and Adrian T. Lee and David Leon and Lindsay Lowry and Frederick Matsuda and Tomotake Matsumura and Martin Navaroli and Haruki Nishino and Hans Paar and Julien Peloton and Davide Poletti and Giuseppe Puglisi and Christian L. Reichardt and Colin Ross and Praween Siritanasak and Aritoki Suzuki},
	Date-Added = {2017-03-05 18:35:39 +0000},
	Date-Modified = {2017-03-05 18:36:56 +0000},
	Eprint = {1702.07111},
	Journal = {To be submitted to JCAP},
	Month = {02},
	Pages = {27},
	Title = {Performance of a continuously rotating half-wave plate on the POLARBEAR telescope},
	Url = {https://arxiv.org/abs/1702.07111},
	Year = {2017},
	Bdsk-Url-1 = {https://arxiv.org/abs/1702.07111}}

@article{PB2a_WHWP,
	Author = {Charles A. Hill and Shawn Beckman and Yuji Chinone and Neil Goeckner-Wald and Masashi Hazumi and Brian Keating and Akito Kusaka and Adrian T. Lee and Frederick Matsuda and Richard Plambeck and Aritoki Suzuki and Satoru Takakura},
	Date-Added = {2017-03-05 18:29:32 +0000},
	Date-Modified = {2017-03-05 18:32:24 +0000},
	Eprint = {1607.07399},
	Journal = {Proc. of SPIE},
	Month = {07},
	Number = {99142U-1},
	Pages = {18},
	Title = {Design and development of an ambient-temperature continuously-rotating half-wave plate for CMB polarization modulation on the POLARBEAR-2 experiment},
	Url = {https://arxiv.org/abs/1607.07399},
	Volume = {9914},
	Year = {2016},
	Bdsk-Url-1 = {https://arxiv.org/abs/1607.07399}}

@article{Takahashi2010,
	Adsnote = {Provided by the SAO/NASA Astrophysics Data System},
	Adsurl = {http://adsabs.harvard.edu/abs/2010ApJ...711.1141T},
	Archiveprefix = {arXiv},
	Author = {{Takahashi}, Y.~D. and {Ade}, P.~A.~R. and {Barkats}, D. and {Battle}, J.~O. and {Bierman}, E.~M. and {Bock}, J.~J. and {Chiang}, H.~C. and {Dowell}, C.~D. and {Duband}, L. and {Hivon}, E.~F. and {Holzapfel}, W.~L. and {Hristov}, V.~V. and {Jones}, W.~C. and {Keating}, B.~G. and {Kovac}, J.~M. and {Kuo}, C.~L. and {Lange}, A.~E. and {Leitch}, E.~M. and {Mason}, P.~V. and {Matsumura}, T. and {Nguyen}, H.~T. and {Ponthieu}, N. and {Pryke}, C. and {Richter}, S. and {Rocha}, G. and {Yoon}, K.~W.},
	Doi = {10.1088/0004-637X/711/2/1141},
	Eprint = {0906.4069},
	Journal = {\apj},
	Keywords = {cosmic background radiation, cosmology: observations, gravitational waves, inflation, instrumentation: polarimeters, telescopes},
	Month = mar,
	Pages = {1141-1156},
	Primaryclass = {astro-ph.CO},
	Title = {{Characterization of the BICEP Telescope for High-precision Cosmic Microwave Background Polarimetry}},
	Volume = 711,
	Year = 2010,
	Bdsk-Url-1 = {http://dx.doi.org/10.1088/0004-637X/711/2/1141}}

@article{Souradeep2001,
	Adsnote = {Provided by the SAO/NASA Astrophysics Data System},
	Adsurl = {http://adsabs.harvard.edu/abs/2001ApJ...560...28S},
	Author = {{Souradeep}, T. and {Ratra}, B.},
	Doi = {10.1086/322425},
	Eprint = {arXiv:astro-ph/0105270},
	Journal = {\apj},
	Keywords = {Cosmology: Cosmic Microwave Background, Cosmology: Theory, Methods: Analytical, Methods: Data Analysis},
	Month = oct,
	Pages = {28-40},
	Title = {{Window Function for Noncircular Beam Cosmic Microwave Background Anisotropy Experiment}},
	Volume = 560,
	Year = 2001,
	Bdsk-Url-1 = {http://dx.doi.org/10.1086/322425}}

@article{2013ApJ...762L..23K,
	Adsnote = {Provided by the SAO/NASA Astrophysics Data System},
	Adsurl = {http://adsabs.harvard.edu/abs/2013ApJ...762L..23K},
	Archiveprefix = {arXiv},
	Author = {{Keating}, B.~G. and {Shimon}, M. and {Yadav}, A.~P.~S.},
	Doi = {10.1088/2041-8205/762/2/L23},
	Eid = {L23},
	Eprint = {1211.5734},
	Journal = {\apjl},
	Keywords = {cosmic background radiation, instrumentation: polarimeters},
	Month = jan,
	Pages = {L23},
	Primaryclass = {astro-ph.CO},
	Title = {{Self-calibration of Cosmic Microwave Background Polarization Experiments}},
	Volume = 762,
	Year = 2013,
	Bdsk-Url-1 = {http://dx.doi.org/10.1088/2041-8205/762/2/L23}}

@article{2016arXiv160701825K,
	Adsnote = {Provided by the SAO/NASA Astrophysics Data System},
	Adsurl = {http://adsabs.harvard.edu/abs/2016arXiv160701825K},
	Archiveprefix = {arXiv},
	Author = {{Koopman}, B. and {Austermann}, J. and {Cho}, H.-M. and {Coughlin}, K.~P. and {Duff}, S.~M. and {Gallardo}, P.~A. and {Hasselfield}, M. and {Henderson}, S.~W. and {Ho}, S.-P.~P. and {Hubmayr}, J. and {Irwin}, K.~D. and {Li}, D. and {McMahon}, J. and {Nati}, F. and {Niemack}, M.~D. and {Newburgh}, L. and {Page}, L.~A. and {Salatino}, M. and {Schillaci}, A. and {Schmitt}, B.~L. and {Simon}, S.~M. and {Vavagiakis}, E.~M. and {Ward}, J.~T. and {Wollack}, E.~J.},
	Eprint = {1607.01825},
	Journal = {ArXiv e-prints},
	Keywords = {Astrophysics - Instrumentation and Methods for Astrophysics, Astrophysics - Cosmology and Nongalactic Astrophysics},
	Month = jul,
	Primaryclass = {astro-ph.IM},
	Title = {{Optical modeling and polarization calibration for CMB measurements with ACTPol and Advanced ACTPol}},
	Year = 2016}

@article{doi:10.1142/S0218271816400125,
	Author = {de Bernardis, Paolo and Masi, Silvia},
	Doi = {10.1142/S0218271816400125},
	Eprint = {http://www.worldscientific.com/doi/pdf/10.1142/S0218271816400125},
	Journal = {International Journal of Modern Physics D},
	Number = {11},
	Pages = {1640012},
	Title = {Cosmic microwave background and cosmic polarization rotation: An experimentalist view},
	Url = {http://www.worldscientific.com/doi/abs/10.1142/S0218271816400125},
	Volume = {25},
	Year = {2016},
	Bdsk-Url-1 = {http://www.worldscientific.com/doi/abs/10.1142/S0218271816400125},
	Bdsk-Url-2 = {http://dx.doi.org/10.1142/S0218271816400125}}

@article{2016MNRAS.455.1981K,
	Adsnote = {Provided by the SAO/NASA Astrophysics Data System},
	Adsurl = {http://adsabs.harvard.edu/abs/2016MNRAS.455.1981K},
	Archiveprefix = {arXiv},
	Author = {{Kaufman}, J.~P. and {Keating}, B.~G. and {Johnson}, B.~R.},
	Doi = {10.1093/mnras/stv2348},
	Eprint = {1409.8242},
	Journal = {\mnras},
	Keywords = {polarization, instrumentation: polarimeters, cosmology: observations, cosmology: theory},
	Month = jan,
	Pages = {1981-1988},
	Title = {{Precision tests of parity violation over cosmological distances}},
	Volume = 455,
	Year = 2016,
	Bdsk-Url-1 = {http://dx.doi.org/10.1093/mnras/stv2348}}

@article{rosset2010,
	Author = {{Rosset, C.} and {Tristram, M.} and {Ponthieu, N.} and {Ade, P.} and {Aumont, J.} and {Catalano, A.} and {Conversi, L.} and {Couchot, F.} and {Crill, B. P.} and {D\'esert, F.-X.} and {Ganga, K.} and {Giard, M.} and {Giraud-H\'eraud, Y.} and {Ha\"issinski, J.} and {Henrot-Versill\'e, S.} and {Holmes, W.} and {Jones, W. C.} and {Lamarre, J.-M.} and {Lange, A.} and {Leroy, C.} and {Mac\'ias-P\'erez, J.} and {Maffei, B.} and {de Marcillac, P.} and {Miville-Desch\^enes, M.-A.} and {Montier, L.} and {Noviello, F.} and {Pajot, F.} and {Perdereau, O.} and {Piacentini, F.} and {Piat, M.} and {Plaszczynski, S.} and {Pointecouteau, E.} and {Puget, J.-L.} and {Ristorcelli, I.} and {Savini, G.} and {Sudiwala, R.} and {Veneziani, M.} and {Yvon, D.}},
	Doi = {10.1051/0004-6361/200913054},
	Journal = {A\&A},
	Pages = {A13},
	Title = {Planck pre-launch status: High Frequency Instrument polarization calibration},
	Url = {http://dx.doi.org/10.1051/0004-6361/200913054},
	Volume = 520,
	Year = 2010,
	Bdsk-Url-1 = {http://dx.doi.org/10.1051/0004-6361/200913054}}

@article{ABS_HWP,
	Adsnote = {Provided by the SAO/NASA Astrophysics Data System},
	Adsurl = {http://adsabs.harvard.edu/abs/2014RScI...85b4501K},
	Author = {{Kusaka}, A. and {Essinger-Hileman}, T. and {Appel}, J.~W. and {Gallardo}, P. and {Irwin}, K.~D. and {Jarosik}, N. and {Nolta}, M.~R. and {Page}, L.~A. and {Parker}, L.~P. and {Raghunathan}, S. and {Sievers}, J.~L. and {Simon}, S.~M. and {Staggs}, S.~T. and {Visnjic}, K.},
	Doi = {10.1063/1.4862058},
	Eid = {024501},
	Journal = {Review of Scientific Instruments},
	Month = feb,
	Number = 2,
	Pages = {024501},
	Title = {{Modulation of cosmic microwave background polarization with a warm rapidly rotating half-wave plate on the Atacama B-Mode Search instrument}},
	Volume = 85,
	Year = 2014,
	Bdsk-Url-1 = {http://dx.doi.org/10.1063/1.4862058}}

@article{Simon_Thesis_2016,
	Author = {Simon, S.~M.},
	Journal = {Ph.D.~Thesis, Princeton University},
	Title = {{Cosmic Microwave Background Polarimetry with ABS and ACT: Instrumental Design, Characterization, and Analysis}},
	Url = {https://www.princeton.edu/physics/graduate-program/theses/Thesis_Simon_8_8_2016.pdf},
	Year = 2016,
	Bdsk-Url-1 = {https://www.princeton.edu/physics/graduate-program/theses/Thesis_Simon_8_8_2016.pdf}}
	
@article{Salatino10,
	Author = {Salatino M. and de Bernardis P.},
	Journal = {Proc. of 45th Rencontres de Moriond Cosmology session},
	Title = {{On Stokes Polarimeters for high precision CMB measurements and mm Astronomy measurements}},
	Url = {http://adsabs.harvard.edu/abs/2010arXiv1006.3225S},
	Year = {2010}
	}

@article{Salatino17,
	Author = {Salatino M. and de Bernardis P. and Masi S.},
	Journal = {Journal of Infrared, Millimeter, and Terahertz Waves},
	Title = {{Modeling Transmission and Reflection Mueller Matrices of Dielectric Half-Wave Plates}},
	Url = {http://adsabs.harvard.edu/abs/2010arXiv1006.3225S},
	Number = 2,
	Pages = {215-228},
	Volume = 38,
	Year = {2017}} 
	
@article{Essinger-Hileman2013,
	Author = {Essinger-Hileman T.},
    Journal = {Applied Optics},
	Title = {{Transfer matrix for treating stratified media including birefringent crystals}},
	Url = {https://arxiv.org/pdf/1301.6160.pdf},
	Year = {2013}}

@article{Essinger-Hileman2016,
	Author = {Essinger-Hileman T.},
	Title = {{Systematic effects from an ambient-temperature, continuously-rotating
half-wave plate}},
	Url = {https://arxiv.org/pdf/1601.05901.pdf},
	Year = {2016}}

@ARTICLE{Simon_LTD2013,
        author = {{Simon}, S.~M. and {Appel}, J.~W. and {Cho}, H.~M. and {Essinger-Hileman}, T. and 
	{Irwin}, K.~D. and {Kusaka}, A. and {Niemack}, M.~D. and {Nolta}, M.~R. and 
	{Page}, L.~A. and {Parker}, L.~P. and {Raghunathan}, S. and 
	{Sievers}, J.~L. and {Staggs}, S.~T. and {Visnjic}, K.},
        title = "{In Situ Time Constant and Optical Efficiency Measurements of TRUCE Pixels in the Atacama B-Mode Search}",
        journal = {Journal of Low Temperature Physics},
        keywords = {Atacama B-mode Search, Cosmic Microwave Background, Polarization},
        year = 2014,
        month = sep,
        volume = 176,
        pages = {712-718},
        doi = {10.1007/s10909-013-0999-y},
        adsurl = {http://adsabs.harvard.edu/abs/2014JLTP..176..712S},
        adsnote = {Provided by the SAO/NASA Astrophysics Data System}
        }

@ARTICLE{Tajima_2012,
   author = {{Tajima}, O. and {Nguyen}, H. and {Bischoff}, C. and {Brizius}, A. and 
	{Buder}, I. and {Kusaka}, A.},
    title = "{Novel Calibration System with Sparse Wires for CMB Polarization Receivers}",
  journal = {Journal of Low Temperature Physics},
 keywords = {CMB, Polarization, Calibration},
     year = 2012,
    month = jun,
   volume = 167,
    pages = {936-942},
      doi = {10.1007/s10909-012-0545-3},
   adsurl = {http://adsabs.harvard.edu/abs/2012JLTP..167..936T},
  adsnote = {Provided by the SAO/NASA Astrophysics Data System}
}

@ARTICLE{Shimon_2008,
   author = {{Shimon}, M. and {Keating}, B. and {Ponthieu}, N. and {Hivon}, E.
	},
    title = "{CMB polarization systematics due to beam asymmetry: Impact on inflationary science}",
  journal = {Physical Review D},
archivePrefix = "arXiv",
   eprint = {0709.1513},
 keywords = {Background radiations},
     year = 2008,
    month = apr,
   volume = 77,
   number = 8,
      eid = {083003},
    pages = {083003},
      doi = {10.1103/PhysRevD.77.083003},
   adsurl = {http://adsabs.harvard.edu/abs/2008PhRvD..77h3003S},
  adsnote = {Provided by the SAO/NASA Astrophysics Data System}
}

@article{Barron_Thesis,
  author = {Barron, D.},
   title = "{Precision measurements of cosmic microwave background polarization to study cosmic inflation and large scale structure}",
   journal = {Ph.D.~Thesis, UCSD},
    year = 2015,
  url = {http://pqdtopen.proquest.com/pubnum/3718400.html?FMT=AI}
}


@article{Didier_Thesis,
  author = {Didier, J.},
   title = "{Construction, Deployment and Data Analysis of the E and B EXperiment: A Cosmic Microwave Background Polarimeter}",
   journal = {Ph.D.~Thesis, Columbia University},
    year = 2016,
  url = {https://academiccommons.columbia.edu/catalog/ac:202125}
}
@article{DfMux_Dobbs2012,
  author = {{Dobbs}, M. and \textit{et. al.}},
   title = "{Frequency Multiplexed SQUID Readout of Large Bolometer Arrays for Cosmic Microwave Background Measurements}",
   journal = {Rev of Sci Inst},
    year = 2012,
}

@article{DAN_Crosstalk_Memo,
  author = {{Dobbs}, M.},
   title = "{DAN Cable Crosstalk}",
   journal = {McGill Memo},
    year = 2012,
}

@article{DfMux_Warm_Crosstalk_Memo,
  author = {Montgomery, J.},
   title = "{Cable and Mezzanine Crosstalk}",
   journal = {McGill Memo},
    year = 2013,
}

@article{SPT3G_DfMux_Overview, 
  author = {Bender, A. N.},
   title = "{Integrated Performance of a Frequency Domain Multiplexing Readout in the SPT-3G Receiver}",
   journal = {SPIE},
    year = 2016,
}

@article{DfMux_LC_Production,
  author = {Rotermund, K.},
   title = "{Planar Lithographed Superconducting LC Resonators for Frequency-Domain Multiplexed Readout Systems}",
   journal = {Journal of Low Temp Phys},
    year = 2016,
}

@article{Irwin_Hilton,
  author = {{Irwin}, K. and {Hilton}, G.},
   title = "{Transition Edge Sensors}",
   journal = {Cryogenic Particle Detectors - Christian Enss},
    year = 2005,
}

@article{Obrient2008,
  author = {O'Brient, B. \textit{et.al.}},
   title = "{Sinuous-Antenna coupled TES bolometers for Cosmic Microwave Background Polarimetry}",
   journal = {LTD13 Proceedings},
    year = 2008,
}

@article{TokiThesis,
  author = {Suzuki, A},
   title = "{Multichroic Bolometric Detector Architecture for Cosmic Microwave Background Polarimetry Experiments}",
   journal = {Berkeley Thesis},
    year = 2013,
}

@article{TokiMemo1,
  author = {Suzuki, A},
   title = "{Sinuous Antenna Wobble Cancellation}",
   journal = {Berkeley Memo},
    year = 2012,
}

@article{TokiMemo2,
  author = {Suzuki, A},
   title = "{Lenslet Coupled Sinuous Antenna Systematic Study", Berkeley Memo (2015). - Ask for this, its not published}",
   journal = {Berkeley Memo},
    year = 2015,
}

@article{Edwards2012,
  author = {Edwards, J.M. \textit{et.al.}},
   title = "{Lenslet Coupled Sinuous Antenna Systematic Study", Berkeley Memo (2015). - Ask for this, its not published}",
   journal = {IEEE Trans Antennas and Propagation},
    year = 2012,
}

@article{SiAR_1,
	author = {R. Datta and C. D. Munson and M. D. Niemack and J. J. McMahon and J. Britton and E. J. Wollack and J. Beall and M. J. Devlin and J. Fowler and P. Gallardo and J. Hubmayr and K. Irwin and L. Newburgh and J. P. Nibarger and L. Page and M. A. Quijada and B. L. Schmitt and S. T. Staggs and R. Thornton and L. Zhang},
	journal = {Appl. Opt.},
	keywords = {Experimental physics; Optical design and fabrication; Lenses; Antireflection coatings ; Artificially engineered materials ; Subwavelength structures, nanostructures},
	number = {36},
	pages = {8747--8758},
	publisher = {OSA},
	title = {Large-aperture wide-bandwidth antireflection-coated silicon lenses for millimeter wavelengths},
	volume = {52},
	month = {Dec},
	year = {2013},
	url = {http://ao.osa.org/abstract.cfm?URI=ao-52-36-8747},
	doi = {10.1364/AO.52.008747}}

@article{Matsumura09,
	author = {Tomotake Matsumura and Shaul Hanany and Peter Ade and Bradley R. Johnson and Terry J. Jones and Prashanth Jonnalagadda and Giorgio Savini},
	journal = {Appl. Opt.},
	keywords = {Polarimetry; Modulators},
	number = {19},
	pages = {3614--3625},
	publisher = {OSA},
	title = {Performance of three- and five-stack achromatic half-wave plates at millimeter wavelengths},
	volume = {48},
	month = {Jul},
	year = {2009},
	url = {http://ao.osa.org/abstract.cfm?URI=ao-48-19-3614},
	doi = {10.1364/AO.48.003614}}

@article{Matsumura14,
      author         = {Matsumura, Tomotake},
      title          = {Mitigation of the spectral dependent polarization angle response for achromatic half-wave plate},
      year           = {2014},
      eprint         = {1404.5795},
      archivePrefix  = {arXiv},
      primaryClass   = {astro-ph.IM},
      url={https://arxiv.org/abs/1404.5795}}


@ARTICLE{hu03,
    author = {{Hu}, W. and {Hedman}, M.~M. and {Zaldarriaga}, M.},
    title = "{Benchmark parameters for CMB polarization experiments}",
    journal = {\prd},
    year = 2003,
    month = feb,
    volume = 67,
    pages = {043004-+},
    eprint         = {0210096},
    archivePrefix  = {arXiv},
    url = {http://adsabs.harvard.edu/cgi-bin/nph-bib_query?bibcode=2003PhRvD..67d3004H&amp;db_key=AST},
}

@article{pisano2005,
      author         = {Giampaolo Pisano and Peter A.R. and Ade Samuel Weaver},
      title          = {Polarisation effects investigations in quasi-optical metal grid filters},
      year           = {2005},
      journal        = {Infrared Physics and Technology},
      url={http://simonsobservatory.wdfiles.com/local--files/calandsys-telecon/2005_GP_Mesh_Filters_IFT.pdf?ukey=3fd9b4700dfad550bcfd5bc7ac2306aef99f7bda}}
@article{Barkats:2005sh,
      author         = "Barkats, D. and others",
      title          = "{CMB polarimetry using correlation receivers with the
                        PIQUE and CAPMAP experiments}",
      journal        = "Astrophys. J. Suppl.",
      volume         = "159",
      year           = "2005",
      pages          = "1",
      doi            = "10.1086/430208",
      eprint         = "astro-ph/0503329",
      archivePrefix  = "arXiv",
      primaryClass   = "astro-ph",
      SLACcitation   = "%%CITATION = ASTRO-PH/0503329;%%"
}

@article{joy_thesis_2016,
    author  = {Joy Didier},
    title = {Construction, Deployment and Data Analysis of the E and B EXperiment: A Cosmic Microwave Background Polarimeter},
    year = 2016,
	Bdsk-Url-1 = {https://doi.org/10.7916/D8MW2HCG}
}

@article{nati_2017,
	author = {F. Nati and M. J. Devlin and M. Gerbino and B. R. Johnson and B. Keating and L. Pagano and G. Teply},
	journal = {Journal of Astronomical Instrumentation},
	keywords = {cosmology: cosmic background radiation; polarization; techniques: polarimetric; balloons},
	number = {2},
	pages = {},
	publisher = {World Scientific},
	title = {POLOCALC: A Novel Method to Measure the Absolute Polarization Orientation of the Cosmic Microwave Background},
	volume = {6},
	month = {},
	year = {2017},
	url = {https://doi.org/10.1142/S2251171717400086},
	doi = {10.1142/S2251171717400086}
}

@article{Pagano2009,
      author         = "{Pagano L. and de Bernardis P. and De Troia G. and Gubitosi G. and Masi S. and Melchiorri A. and Natoli P. and Piacentini F. and Polenta G.}",
      title          = "{CMB polarization systematics, cosmological birefringence, and the gravitational waves background}",
      journal        = "{Phys. Rev. D}",
      volume         = "80",
      number         = "4",
      year           = "2009",
      doi            = "10.1103/PhysRevD.80.043522",
      eprint         = "astro-ph/0905.1651",
      archivePrefix  = "arXiv",
      primaryClass   = "astro-ph"
}

@article{Johnson2015,
      author         = "{Johnson B. R. and Vourch C. J. and Drysdale T. D., Kalman A., Fujikawa S., Keating B., Kaufman J.}",
      title          = "{A CubeSat for Calibrating Ground-Based and Sub-Orbital Millimeter-Wave Polarimeters (CalSat)}",
      journal        = "{Journal of Astronomical Instrumentation}",
      volume         = "4",
      number         = "2",
      year           = "2015",
      doi            = "10.1142/S2251171715500075",
      eprint         = "astro-ph/1505.07033",
      archivePrefix  = "arXiv",
      primaryClass   = "astro-ph"
}

@article{kaufman14a,
      author         = "{Kaufman, J. P. et al}",
      title          = "{Self-Calibration of BICEP1 Three-Year Data and Constraints on Astrophysical Polarization Rotation}",
      journal        = "{Phys. Rev. D}",
      volume         = "89",
      number         = "062006",
      year           = "2014",
      doi            = "10.1103/PhysRevD.89.062006",
      eprint         = "astro-ph/1312.7877",
      archivePrefix  = "arXiv",
      primaryClass   = "astro-ph"
}

@article{kaufman14b,
      author         = "{Kaufman, J. P. and Keating B. and Johnson B. R.}",
      title          = "{Precision Tests of Parity Violation Over Cosmological Distances}",
      journal        = "{MNRAS}",
      volume         = "455",
      number         = "2",
      year           = "2015",
      doi            = "10.1093/mnras/stv2348",
      eprint         = "astro-ph/1409.8242",
      archivePrefix  = "arXiv",
      primaryClass   = "astro-ph"
}

@article{keating13,
      author         = "{Keating B. and Shimon M. and Yadav A.}",
      title          = "{Self-Calibration of CMB Polarization Experiments}",
      journal        = "{ApJ Letters}",
      volume         = "762",
      number         = "L23",
      year           = "2012",
      doi            = "10.1088/2041-8205/762/2/L23",
      eprint         = "astro-ph/1211.5734",
      archivePrefix  = "arXiv",
      primaryClass   = "astro-ph"
}

@article{gerbino16,
      author         = "{Gerbino, M. and Gruppuso A. and Natoli P. and Shiraishi M. and Melchiorri A.}",
      title          = "{Testing chirality of primordial gravitational waves with Planck and future CMB data: no hope from angular power spectra}",
      journal        = "{JCAP}",
      volume         = "1607",
      number         = "07",
      year           = "2016",
      doi            = "10.1088/1475-7516/2016/07/044",
      eprint         = "astro-ph/1605.09357",
      archivePrefix  = "arXiv",
      primaryClass   = "astro-ph"
}

@article{abitbol16,
      author         = "{Abitbol, M. H. and Hill J. C. and Johnson B. R.}",
      title          = "{Foreground-Induced Biases in CMB Polarimeter Self-Calibration}",
      journal        = "{MNRAS}",
      volume         = "457",
      number         = "2",
      year           = "2016",
      doi            = "10.1093/mnras/stw030",
      eprint         = "astro-ph/1512.06834",
      archivePrefix  = "arXiv",
      primaryClass   = "astro-ph"
}

@article{planck16i,
      author         = "{Planck Collaboration}",
      title          = "{Planck 2015 results. VIII. High Frequency Instrument data processing: Calibration and maps}",
      journal        = "{Astronomy \& Astrophysics}",
      volume         = "594",
      number         = "A8",
      year           = "2016",
      doi            = "10.1051/0004-6361/201525820",
      eprint         = "astro-ph/1502.01587",
      archivePrefix  = "arXiv",
      primaryClass   = "astro-ph"
}

@article{polarbear14,
      author         = "{The POLARBEAR Collaboration}",
      title          = "{A Measurement of the Cosmic Microwave Background B-Mode Polarization Power Spectrum at Sub-Degree Scales with POLARBEAR}",
      journal        = "{Astrophysical Journal}",
      volume         = "794",
      number         = "2",
      year           = "2014",
      doi            = "10.1088/0004-637X/794/2/171",
      eprint         = "astro-ph/1403.2369",
      archivePrefix  = "arXiv",
      primaryClass   = "astro-ph"
}

@article{weiland11,
      author         = "{Weiland, J. L. et al.}",
      title          = "{Seven-Year Wilkinson Microwave Anisotropy Probe (WMAP) Observations: Planets and Celestial Calibration Sources}",
      journal        = "{Astrophysical Journal Suppl.}",
      volume         = "192",
      number         = "2",
      year           = "2011",
      doi            = "10.1088/0067-0049/192/2/19",
      eprint         = "astro-ph/1001.4731",
      archivePrefix  = "arXiv",
      primaryClass   = "astro-ph"
}

@article{Hanany:2005vx,
      author         = "Hanany, Shaul and Hubmayr, Johannes and Johnson, Bradley
                        R. and Matsumura, Tomotake and Oxley, Paul and Thibodeau,
                        Matthew",
      title          = "{A Millimeter-wave achromatic half wave plate}",
      journal        = "Appl. Opt.",
      volume         = "44",
      year           = "2005",
      pages          = "4666",
      doi            = "10.1364/AO.44.004666",
      eprint         = "physics/0503122",
      archivePrefix  = "arXiv",
      primaryClass   = "physics",
      SLACcitation   = "%%CITATION = PHYSICS/0503122;%%"
}

@article{Matsumura:2008zx,
      author         = "Matsumura, Tomotake and Hanany, Shaul and Johnson,
                        Bradley R. and Jones, Terry J. and Jonnalagadda,
                        Prashanth",
      title          = "{Analysis of performance of three- and five-stack
                        achromatic half-wave plates at millimeter wavelengths}",
      journal        = "Appl. Opt.",
      volume         = "48",
      year           = "2009",
      pages          = "3614",
      doi            = "10.1364/AO.48.003614",
      eprint         = "0806.1518",
      archivePrefix  = "arXiv",
      primaryClass   = "physics.optics",
      SLACcitation   = "%%CITATION = ARXIV:0806.1518;%%"
}

@ARTICLE{Essinger-Hileman_TM,
   author = {{Essinger-Hileman}, T.},
    title = "{Transfer matrix for treating stratified media including birefringent crystals}",
  journal = {\ao},
archivePrefix = "arXiv",
   eprint = {1301.6160},
 primaryClass = "physics.optics",
     year = 2013,
    month = jan,
   volume = 52,
    pages = {212},
      doi = {10.1364/AO.52.000212},
   adsurl = {http://adsabs.harvard.edu/abs/2013ApOpt..52..212E},
  adsnote = {Provided by the SAO/NASA Astrophysics Data System}
}

@article{Kusaka_ABS,
author = {A. Kusaka and T. Essinger-Hileman and J. W. Appel and P. Gallardo and K. D. Irwin and N. Jarosik and M. R. Nolta and L. A. Page and L. P. Parker and S. Raghunathan and J. L. Sievers and S. M. Simon and S. T. Staggs and K. Visnjic},
title = {Modulation of cosmic microwave background polarization with a warm rapidly rotating half-wave plate on the Atacama B-Mode Search instrument},
journal = {Review of Scientific Instruments},
volume = {85},
number = {2},
pages = {024501},
year = {2014},
doi = {10.1063/1.4862058},
URL = {https://doi.org/10.1063/1.4862058},
eprint = {https://doi.org/10.1063/1.4862058}
}

@ARTICLE{Ruze1966, 
author={Ruze, J.}, 
journal={Proceedings of the IEEE}, 
title={Antenna tolerance theory -- A review}, 
year={1966}, 
month={April}, 
volume={54}, 
number={4}, 
pages={633-640}, 
keywords={Antenna measurements;Antenna radiation patterns;Antenna theory;Apertures;Extraterrestrial measurements;Lighting;Optical surface waves;Pattern analysis;Phase distortion;Wavelength measurement}, 
doi={10.1109/PROC.1966.4784}, 
ISSN={0018-9219}
}

@ARTICLE{Tauber2010,
   author = {{Tauber}, J.~A. and {Norgaard-Nielsen}, H.~U. and {Ade}, P.~A.~R. and 
	{Amiri Parian}, J. and {Banos}, T. and {Bersanelli}, M. and 
	{Burigana}, C. and {Chamballu}, A. and {de Chambure}, D. and 
	{Christensen}, P.~R. and {Corre}, O. and {Cozzani}, A. and {Crill}, B. and 
	{Crone}, G. and {D'Arcangelo}, O. and {Daddato}, R. and {Doyle}, D. and 
	{Dubruel}, D. and {Forma}, G. and {Hills}, R. and {Huffenberger}, K. and 
	{Jaffe}, A.~H. and {Jessen}, N. and {Kletzkine}, P. and {Lamarre}, J.~M. and 
	{Leahy}, J.~P. and {Longval}, Y. and {de Maagt}, P. and {Maffei}, B. and 
	{Mandolesi}, N. and {Mart{\'{\i}}-Canales}, J. and {Mart{\'{\i}}n-Polegre}, A. and 
	{Martin}, P. and {Mendes}, L. and {Murphy}, J.~A. and {Nielsen}, P. and 
	{Noviello}, F. and {Paquay}, M. and {Peacocke}, T. and {Ponthieu}, N. and 
	{Pontoppidan}, K. and {Ristorcelli}, I. and {Riti}, J.-B. and 
	{Rolo}, L. and {Rosset}, C. and {Sandri}, M. and {Savini}, G. and 
	{Sudiwala}, R. and {Tristram}, M. and {Valenziano}, L. and {van der Vorst}, M. and 
	{van't Klooster}, K. and {Villa}, F. and {Yurchenko}, V.},
    title = "{Planck pre-launch status: The optical system}",
  journal = {\aap},
 keywords = {cosmic microwave background, space vehicles: instruments, instrumentation: detectors, instrumentation: polarimeters, submillimeter: general, telescopes},
     year = 2010,
    month = sep,
   volume = 520,
      eid = {A2},
    pages = {A2},
      doi = {10.1051/0004-6361/200912911},
   adsurl = {http://adsabs.harvard.edu/abs/2010A%26A...520A...2T},
  adsnote = {Provided by the SAO/NASA Astrophysics Data System}
}

@INPROCEEDINGS{Hincks2008,
   author = {{Hincks}, A.~D. and {Ade}, P.~A.~R. and {Allen}, C. and {Amiri}, M. and 
	{Appel}, J.~W. and {Battistelli}, E.~S. and {Burger}, B. and 
	{Chervenak}, J.~A. and {Dahlen}, A.~J. and {Denny}, S. and {Devlin}, M.~J. and 
	{Dicker}, S.~R. and {Doriese}, W.~B. and {D{\"u}nner}, R. and 
	{Essinger-Hileman}, T. and {Fisher}, R.~P. and {Fowler}, J.~W. and 
	{Halpern}, M. and {Hargrave}, P.~C. and {Hasselfield}, M. and 
	{Hilton}, G.~C. and {Irwin}, K.~D. and {Jarosik}, N. and {Kaul}, M. and 
	{Klein}, J. and {Lau}, J.~M. and {Limon}, M. and {Lupton}, R.~H. and 
	{Marriage}, T.~A. and {Martocci}, K.~L. and {Mauskopf}, P. and 
	{Moseley}, S.~H. and {Netterfield}, C.~B. and {Niemack}, M.~D. and 
	{Nolta}, M.~R. and {Page}, L. and {Parker}, L.~P. and {Sederberg}, A.~J. and 
	{Staggs}, S.~T. and {Stryzak}, O.~R. and {Swetz}, D.~S. and 
	{Switzer}, E.~R. and {Thornton}, R.~J. and {Tucker}, C. and 
	{Wollack}, E.~J. and {Zhao}, Y.},
    title = "{The effects of the mechanical performance and alignment of the Atacama Cosmology Telescope on the sensitivity of microwave observations}",
booktitle = {Millimeter and Submillimeter Detectors and Instrumentation for Astronomy IV},
     year = 2008,
   series = {\procspie},
   volume = 7020,
    month = jul,
      eid = {70201P},
    pages = {70201P},
      doi = {10.1117/12.790020},
   adsurl = {http://adsabs.harvard.edu/abs/2008SPIE.7020E..1PH},
  adsnote = {Provided by the SAO/NASA Astrophysics Data System}
}

@ARTICLE{Planck2017_planet_flux,
   author = {{Planck Collaboration} and {Akrami}, Y. and {Ashdown}, M. and 
	{Aumont}, J. and {Baccigalupi}, C. and {Ballardini}, M. and 
	{Banday}, A.~J. and {Barreiro}, R.~B. and {Bartolo}, N. and 
	{Basak}, S. and {Benabed}, K. and {Bernard}, J.-P. and {Bersanelli}, M. and 
	{Bielewicz}, P. and {Bonavera}, L. and {Bond}, J.~R. and {Borrill}, J. and 
	{Bouchet}, F.~R. and {Boulanger}, F. and {Bucher}, M. and {Burigana}, C. and 
	{Butler}, R.~C. and {Calabrese}, E. and {Cardoso}, J.-F. and 
	{Carron}, J. and {Chiang}, H.~C. and {Colombo}, L.~P.~L. and 
	{Comis}, B. and {Couchot}, F. and {Coulais}, A. and {Crill}, B.~P. and 
	{Curto}, A. and {Cuttaia}, F. and {de Bernardis}, P. and {de Rosa}, A. and 
	{de Zotti}, G. and {Delabrouille}, J. and {Di Valentino}, E. and 
	{Dickinson}, C. and {Diego}, J.~M. and {Dor{\'e}}, O. and {Ducout}, A. and 
	{Dupac}, X. and {Elsner}, F. and {En{\ss}lin}, T.~A. and {Eriksen}, H.~K. and 
	{Falgarone}, E. and {Fantaye}, Y. and {Finelli}, F. and {Frailis}, M. and 
	{Fraisse}, A.~A. and {Franceschi}, E. and {Frolov}, A. and {Galeotta}, S. and 
	{Galli}, S. and {Ganga}, K. and {G{\'e}nova-Santos}, R.~T. and 
	{Gerbino}, M. and {Gonz{\'a}lez-Nuevo}, J. and {G{\'o}rski}, K.~M. and 
	{Gruppuso}, A. and {Gudmundsson}, J.~E. and {Hansen}, F.~K. and 
	{Helou}, G. and {Henrot-Versill{\'e}}, S. and {Herranz}, D. and 
	{Hivon}, E. and {Jaffe}, A.~H. and {Jones}, W.~C. and {Keih{\"a}nen}, E. and 
	{Keskitalo}, R. and {Kiiveri}, K. and {Kim}, J. and {Kisner}, T.~S. and 
	{Krachmalnicoff}, N. and {Kunz}, M. and {Kurki-Suonio}, H. and 
	{Lagache}, G. and {Lamarre}, J.-M. and {Lasenby}, A. and {Lattanzi}, M. and 
	{Lawrence}, C.~R. and {Le Jeune}, M. and {Lellouch}, E. and 
	{Levrier}, F. and {Liguori}, M. and {Lilje}, P.~B. and {Lindholm}, V. and 
	{L{\'o}pez-Caniego}, M. and {Ma}, Y.-Z. and {Mac{\'{\i}}as-P{\'e}rez}, J.~F. and 
	{Maggio}, G. and {Maino}, D. and {Mandolesi}, N. and {Maris}, M. and 
	{Martin}, P.~G. and {Mart{\'{\i}}nez-Gonz{\'a}lez}, E. and {Matarrese}, S. and 
	{Mauri}, N. and {McEwen}, J.~D. and {Melchiorri}, A. and {Mennella}, A. and 
	{Migliaccio}, M. and {Miville-Desch{\^e}nes}, M.-A. and {Molinari}, D. and 
	{Moneti}, A. and {Montier}, L. and {Moreno}, R. and {Morgante}, G. and 
	{Natoli}, P. and {Oxborrow}, C.~A. and {Paoletti}, D. and {Partridge}, B. and 
	{Patanchon}, G. and {Patrizii}, L. and {Perdereau}, O. and {Piacentini}, F. and 
	{Plaszczynski}, S. and {Polenta}, G. and {Rachen}, J.~P. and 
	{Racine}, B. and {Reinecke}, M. and {Remazeilles}, M. and {Renzi}, A. and 
	{Rocha}, G. and {Romelli}, E. and {Rosset}, C. and {Roudier}, G. and 
	{Rubi{\~n}o-Mart{\'{\i}}n}, J.~A. and {Ruiz-Granados}, B. and 
	{Salvati}, L. and {Sandri}, M. and {Savelainen}, M. and {Scott}, D. and 
	{Sirri}, G. and {Spencer}, L.~D. and {Suur-Uski}, A.-S. and 
	{Tauber}, J.~A. and {Tavagnacco}, D. and {Tenti}, M. and {Toffolatti}, L. and 
	{Tomasi}, M. and {Tristram}, M. and {Trombetti}, T. and {Valiviita}, J. and 
	{Van Tent}, F. and {Vielva}, P. and {Villa}, F. and {Wehus}, I.~K. and 
	{Zacchei}, A.},
    title = "{Planck intermediate results. LII. Planet flux densities}",
  journal = {\aap},
archivePrefix = "arXiv",
   eprint = {1612.07151},
 primaryClass = "astro-ph.EP",
 keywords = {cosmic background radiation, cosmology: observations, planets and satellites: general},
     year = 2017,
    month = nov,
   volume = 607,
      eid = {A122},
    pages = {A122},
      doi = {10.1051/0004-6361/201630311},
   adsurl = {http://adsabs.harvard.edu/abs/2017A%26A...607A.122P},
  adsnote = {Provided by the SAO/NASA Astrophysics Data System}
}



